@Manual{hyndman2018fpp2,
  title = {{fpp2}: {D}ata for ``{F}orecasting: {P}rinciples and {P}ractice''},
  author = {Hyndman, Rob J.},
  year = {2018},
  edition = {2nd},
  note = {R package version 2.3},
  url = {https://CRAN.R-project.org/package=fpp2},
}

@book{hyndman2018forecasting,
  title={Forecasting: principles and practice},
  author={Hyndman, Rob J .and Athanasopoulos, George},
  year={2018},
  publisher={OTexts},
  url={OTexts.com/fpp2}
}

@Manual{r2019r,
  title = {R: A Language and Environment for Statistical Computing},
  author = {{R Core Team}},
  organization = {R Foundation for Statistical Computing},
  address = {Vienna, Austria},
  year = {2019},
  url = {https://www.R-project.org/},
}

@Manual{zabala2019jurimetrics,
  title = {jurimetrics: General Purpouse Tools for Jurimetrics},
  author = {Zabala, Filipe J. and Silveira, Fabiano F.},
  year = {2019},
  note = {R package version 0.1.0},
  url = {https://www.github.com/filipezabala/jurimetrics},
}